@article{hartshorne1977graduate,
  title={Graduate texts in mathematics},
  author={Hartshorne, Robin},
  journal={Algebraic Geometry},
  volume={52},
  year={1977},
  publisher={Springer}
}

@book{Liu2002algebraic,
  title={Algebraic geometry and arithmetic curves},
  author={Qing Liu and others},
  volume={6},
  year={2002},
  publisher={Oxford University Press on Demand}
}

@book{eisenbud2013commutative,
  title={Commutative algebra: with a view toward algebraic geometry},
  author={Eisenbud, David},
  volume={150},
  year={2013},
  publisher={Springer Science \& Business Media}
}

@article{vakil2017rising,
  title={The rising sea: Foundations of algebraic geometry},
  author={Vakil, Ravi},
  journal={preprint},
  year={2017}
}
@book{vovk2005algorithmic,
  title={Algorithmic learning in a random world},
  author={Vovk, Vladimir and Gammerman, Alexander and Shafer, Glenn},
  volume={29},
  year={2005},
  publisher={Springer}
}

@inproceedings{levenshtein1966binary,
  title={Binary codes capable of correcting deletions, insertions, and reversals},
  author={Levenshtein, Vladimir I and others},
  booktitle={Soviet physics doklady},
  volume={10},
  number={8},
  pages={707--710},
  year={1966},
  organization={Soviet Union}
}

@article{bellman1986dynamic,
  title={Dynamic programming and lagrange multipliers},
  author={Bellman, Richard and Roth, RS},
  journal={The Bellman continuum: a collection of the works of Richard E. Bellman},
  pages={49},
  year={1986}
}