@book{lerner2019carleman,
  title={Carleman Inequalities: An Introduction and More},
  author={Lerner, Nicolas},
  volume={353},
  year={2019},
  publisher={Springer}
}